@article{CuiNeuroGPT,
  title={Neuro-GPT: Scalable Self-Supervised EEG Pretraining with Decoder-Only Transformers},
  author={Cui, First and Others},
  journal={ArXiv preprint},
  year={2023}
}

@inproceedings{BCI2a,
  title={BCI Competition IV Dataset 2a},
  author={Tangermann, Michael and Others},
  booktitle={BCI Competition IV},
  year={2012}
}
